%% Insert your bibliography here

@book{unitydocs,
  author         = {Unity},
  editor         = {},
  title          = {Unity Documentation},
  publisher      = {},
  year           = {}
}

@book{gameprog,
  author         = {Robert Nystrom},
  editor         = {},
  title          = {Game Programming Patterns},
  publisher      = {Genever Benning},
  year           = {2014},
  isbn           = {0990582906}
}